<?xml version="1.0" encoding="UTF-8"?><collection xmlns="http://www.loc.gov/MARC21/slim"><record><leader>00476nam--2200133-i-4500</leader><controlfield tag="001">000012735</controlfield><controlfield tag="002">20161230</controlfield><controlfield tag="005">20170211151555</controlfield><controlfield tag="008">060222s1000------------r-----000-0-eng-d</controlfield><datafield ind1=" " ind2=" " tag="245"><subfield code="a">Cercetari in tehnologie electronica si fiabili tate. Lucrarile primului simposion national de tehnologie electronica si fiabilitate, Bucuresti, 3-5 noiembrie 1977</subfield></datafield><datafield ind1=" " ind2=" " tag="260"><subfield code="a">Bucuresti</subfield><subfield code="b">Editura Didactica Si Pedagogica</subfield><subfield code="c">1979</subfield></datafield><datafield ind1=" " ind2=" " tag="300"><subfield code="a">591 p</subfield></datafield><datafield ind1=" " ind2=" " tag="852"><subfield code="a">621.38</subfield></datafield><datafield ind1=" " ind2=" " tag="CAT"><subfield code="a">SYS</subfield><subfield code="c">20170211</subfield><subfield code="h">151555</subfield></datafield></record></collection>